% ------------------------------------------------------------------------
% ------------------------------------------------------------------------
% ------------------------------------------------------------------------
%     Definicion para elementos utilizados en seccion de Bibliografia
% ------------------------------------------------------------------------
% ------------------------------------------------------------------------
% ------------------------------------------------------------------------

% ------------------------------------------------------------------------
@article{Bhatt97,
author={L. H. KEEL and S. P. BHATTACHARYYA},
journal={{IEEE} Transactions on Automatic Control},
title={Robust, fragile or optimal?},
year={1997},
volume={42},
number={8},
pages={1098-1105},
}
% ------------------------------------------------------------------------
@article{Alzate2016,
author={R. ALZATE and  V. A. OLIVEIRA},
journal={Control Applications {(CCA)}, {IEEE} Conference on},
title={Multiobjective design of {PI} controllers with applications},
year={2016},
pages={203-214},
}
% ------------------------------------------------------------------------
@book{ogata2010,
title={Ingenier{\'i}a de control Moderna},
author={OGATA, K.},
year={2010},
publisher={Pearson Education}
}
% ------------------------------------------------------------------------
@mastersthesis{fernandes2008,
author =       {FERNANDEZ DA SILVA, A.},
title =        {Obten{\c{c}}ao de Conjuntos Estabilizantes de Controladores {PID} para Sistemas com Atraso Utilizando o Teorema de {Hermite-Biehler}},
school =       {Universidad de S{\~a}o Paulo},
year =         {2008},
type =         {Tesis de Maestr{\'i}a (Magister en Ingenier{\'i}a el{\'e}ctrica)},
address =      {Brasil},
}
% ------------------------------------------------------------------------
@article{Datta1999,
author={M. HO and  A. DATTA  and   S. P. BHATTACHARYYA},
journal={Linear Algebra and its Applications},
title={Generalizations of the {Hermite-Biehler} Theorem},
year={1999},
volume={302-303},
pages={135-153},
}
% ------------------------------------------------------------------------
@inproceedings{Elizondo2013,
author={C. ELIZONDO and M. LÓPEZ and C. POSADAS},
booktitle={Congreso Nacional de Control Autom{\'a}tico {AMCA}, 2013 M{\'e}xico},
title={Conjunto de controladores {PID} para sistemas {LTI} con incertidumbre param{\'e}trica},
year={2013},
pages={797-801},
}
% ------------------------------------------------------------------------
@article{Oliveira2003,
author={V. OLIVEIRA. and  M. TEIXEIRA. and  L.  COSSI},
journal={Linear Algebra and its Applications},
title={Stabilizing a class of time delay systems using the {Hermite-Biehler} theorem},
year={2003},
volume={369},
pages={203-216},
}
% ------------------------------------------------------------------------
@article{silva2002,
author={SILVA, G. and  DATTA, A. and BHATTACHARYYA, S. P.},
journal={{IEEE} Transactions on Automatic Control},
title={New Results on the Synthesis of {PID} Controllers},
year={2002},
volume={47},
number={2},
pages={241-252},
}
% ------------------------------------------------------------------------
@article{Farkh2014,
author={FARKH, R. and  LAABIDI, K. and KSOURI, M.},
journal={International Journal of Automation and Computing},
title={Stabilizing Sets of {PI/PID} Controllers for Unstable Second Order Delay System},
year={2014},
volume={11},
number={9},
pages={210-222},
}
% ------------------------------------------------------------------------
@article{Bhattachar1994,
author={L. H. KEEL and S. P. BHATTACHARYYA},
journal={{IFAC} Proceedings Volumes},
title={Robust Control: The Parametric Approach},
year={1994},
volume={27},
pages={49-52},
}
% ------------------------------------------------------------------------
@book{Datta2000,
title={Structure and synthesis of {PID} controllers},
author={DATA, A. and  BHATTACHARYYA, S. P.},
year={2000},
publisher={Springer}
}
% ------------------------------------------------------------------------
@inproceedings{Loera2014,
author={R. LOERA and R. MELCHOR and D. MORALES},	
booktitle={Congreso Latinoamericano de Control Autom{\'a}tico {CLCA}, 2014 {M}{\'e}xico},
title={An{\'a}lisis de estabilidad de controladores {PI} para un regulador conmutado boost},
year={2014},
pages={1465-1470},
}
% ------------------------------------------------------------------------
@techreport{roa_ayala2016,
author =       {ROA CANO, Gustavo y AYALA ORTÍZ, Andruv Saim},
title =        {Control en espacio de estados para un dron tipo cuadrotor},
institution =  {Universidad Industrial de Santander},
year =         {2016},
type =         {Trabajo de Grado (Ingeniero Electr{\'o}nico)},
address =      {Bucaramanga - Colombia},
}
% ------------------------------------------------------------------------
@inproceedings{reviewieee,
author={S. GUPTE and P. MOHANDAS and J. M. CONRAD},
booktitle={Southeastcon, 2012 Proceedings of IEEE},
title={A survey of quadrotor Unmanned Aerial Vehicles},
year={2012},
pages={1-6},
}
% ------------------------------------------------------------------------
@book{sears2005fisica,
  title={F{\'\i}sica universitaria: con f{\'\i}sica moderna},
  author={SEARS, F. W. and FORD, A. L. and FREEDMAN, R. A.},
  volume={2},
  year={2005},
  publisher={Pearson Educaci{\'o}n}
}
% ------------------------------------------------------------------------
@mastersthesis{raffo2007modelado,
  author =       {VIANNA RAFFO, Guilherme},
  title =        {Modelado y Control de un Helic{\'o}ptero Quadrotor},
  school =       {Universidad de Sevilla},
  year =         {2007},
  type =         {Tesis de Maestría (Magister en Automática, Robótica y Telemática)},
  address =      {España},
}
% ------------------------------------------------------------------------
@book{spong2008robot,
  title={Robot dynamics and control},
  author={SPONG, Mark W. and VIDYASAGAR, Mathukumalli},
  year={2008},
  publisher={John Wiley \& Sons}
}
% ------------------------------------------------------------------------
@book{stanley1993algebra,
  title={Algebra Lineal con aplicaciones},
  author={GROSSMAN, Stanley I.},
  year={1993},
  publisher={McGraw-Hill},
}
% ------------------------------------------------------------------------
@misc{luukkonen2011modelling,
  author =       {LUUKKONEN, Teppo},
  title =        {Modelling and control of quadcopter},
  howpublished = {Independent research project in applied mathematics, Aalto University, Finland},
  year =         {2011},
}
% ------------------------------------------------------------------------
@article{Tayebi2006,
author={A. TAYEBI and S. MCGILVRAY},
journal={IEEE Transactions on Control Systems Technology},
title={Attitude stabilization of a VTOL quadrotor aircraft},
year={2006},
volume={14},
number={3},
pages={562-571},
}
% ------------------------------------------------------------------------
@book{Astrom1995,
title={{PID} Controllers: Theory, Design, and Tuning},
author={ASTROM, K. and  HAGGLUND, T.},
year={1995},
publisher={{ISA: T}he Instrumentation, Systems, and Automation Society}
}
% ------------------------------------------------------------------------
@inproceedings{Diaz2016,
author={I. DÍAZ and S. P. BHATTACHARYYA},
booktitle={Decision and Control {(CDC)}, 2016 {IEEE} 55th Conference on},
title={{PI} controller design in the achievable gain-phase margin plane},
year={2016},
pages={4919-4924},
}
% ------------------------------------------------------------------------
@phdthesis{Diaz2017,
author =       {D{\'I}AZ, I.},
title =        {Modern design of classical controllers},
school =       {Texas {A{\&}M} University},
year =         {2017},
address =      {USA},
}	
% ------------------------------------------------------------------------
@inproceedings{Mendez2008,
author={C. MÉNDEZ and S. NICULESCU and C. MORARESCU and K. GU},
booktitle={Mediterranean Conference on control and automation},
title={On the fragility of {PI} controllers for time-delay {SISO} systems},
year={2008},
pages={529-534},
}
% ------------------------------------------------------------------------
@article{Safonov1997,
author={M. G. SAFONOV and Tung-Ching TSAO},
journal={{IEEE} Transactions on Automatic Control},
title={The unfalsified control concept and learning},
year={1997},
volume={42},
number={6},
pages={843-847},
}
% ------------------------------------------------------------------------
@article{Ziegler1942,
author={J. G. ZIEGLER and N. B. NICHOLS},
journal={Transactions of the {ASME}},
title={Optimun settings for automatic controllers},
year={1942},
volume={64},
pages={759-768},
}
% ------------------------------------------------------------------------
@article{Alfaro2002,
author={V. M. ALFARO},
journal={Ingenier{\'i}a},
title={Métodos de sintonización de controladores {PID} que operan como reguladores},
year={2002},
volume={12},
number={1,2},
pages={21-36},
}
% ------------------------------------------------------------------------
@article{Fung1998,
author={H. W. FUNG and Q. G. WANG and T. H. LEE},
journal={Autom{\'a}tica},
title={{PI} tuning in terms of gain and phase margin},
year={1998},
volume={34},
number={9},
pages={1145-1149},
}
% ------------------------------------------------------------------------
@article{Hang1992,
author={W. HO and C. HANG and L. CAO},
journal={Automatica},
title={Tuning of {PI} controller based on gain and phase margin specifications},
year={1995},
volume={31},
number={3},
pages={497-502},
}
% ------------------------------------------------------------------------
@article{toscano2005,
author={R. TOSCANO},
journal={Journal of process control},
title={A simple robust {PI/PID} controller design via numerical optimization approach},
year={2005},
volume={15},
pages={81-88},
}
% ------------------------------------------------------------------------
@book{Correa2008,
title={De La Sintonizaci{\'o}n De Controladores},
author={CORREA, R. and VILLAMIZAR, R. and QUIROZ, J.},
year={2008},
publisher={Divisi{\'o}n de Publicaciones {UIS}}
}
% ------------------------------------------------------------------------
@article{Morarescu2010,
author={I. C. MORARESCU and S. I. NICULESCU and K. GU},
journal={Romanian Journal of Pure and Applied Mathematics},
title={The geometry of stability crossing curves of {PI} controllers for {SISO} systems {I/O} delays},
year={2010},
volume={55},
number={4},
pages={297-313},
}
% ------------------------------------------------------------------------
@article{keel2008,
author={L. H. KEEL and S. P. BHATTACHARYYA},
journal={{IEEE} Transactions on Automatic Control},
title={Controller synthesis free of analytical models: Three term controllers},
year={2008},
volume={53},
number={6},
pages={1353136},
}
% ------------------------------------------------------------------------
@book{chapra2003metodos,
  title={M{\'e}todos Num{\'e}ricos para Ingenieros},
  author={CHAPRA, S. C. and CANALE, R. P.},
  year={2007},
  publisher={Mc-Graw Hill}
}
%--------------------------------------------------------------------------
%--------------------------------------------------------------------------
%--------------------------------------------------------------------------
%--------------------------------------------------------------------------
%--------------------------------------------------------------------------
%--------------------------------------------------------------------------
%--------------------------------------------------------------------------
%--------------------------------------------------------------------------
